@Book{DummyBookEntry,
  author =       {Dummy Author},
  title =        {Dummy Book},
  publisher =    {Dummy Publisher},
  year =         3000
}
